@book{boyd_vandenberghe_2004, place={Cambridge}, title={Convex Optimization}, DOI={10.1017/CBO9780511804441}, publisher={Cambridge University Press}, author={Boyd, Stephen and Vandenberghe, Lieven}, year={2004}}