@misc{ve477,
	title={VE477 -- Introduction to Algorithms (lecture slides)},
	author={Manuel},
	year=2019,
}

@article{boutell1997png,
  title={Png (portable network graphics) specification version 1.0},
  author={Boutell, Thomas and Lane, T},
  journal={Network Working Group},
  pages={1--102},
  year={1997}
}

@book{1991Image,
  title={Image file compression made easy},
  author={ Paeth, Alan W. },
  year={1991},
  month={12}
}

@article{crocker1995png,
  title={PNG: The portable network graphic format},
  author={Crocker, Lee Daniel},
  journal={Dr Dobb's Journal-Software Tools for the Professional Programmer},
  volume={20},
  number={7},
  pages={36--45},
  year={1995},
  publisher={Redwood City, CA: M\&T Pub., 1989-}
}

@misc{colt2016how,
  author       = {Colt McAnlis},
  title        = {How PNG Works},
  howpublished = {medium.com},
  year         = {2016},
  month        = {4},
  url          = {https://medium.com/@duhroach/how-png-works-f1174e3cc7b7},
}

@misc{W3CPNG,
  author       = {W3C},
  title        = {Portable Network Graphics (PNG) Specification (Second Edition)},
  url          = {https://www.w3.org/TR/PNG/},
  year         = {2003},
  month        = {11}
}

@misc{deutsch1996rfc1951,
  title={RFC1951: DEFLATE compressed data format specification version 1.3},
  author={Deutsch, Peter},
  year={1996},
  publisher={RFC Editor}
}

@article{huffman1952method,
  title={A method for the construction of minimum-redundancy codes},
  author={Huffman, David A},
  journal={Proceedings of the IRE},
  volume={40},
  number={9},
  pages={1098--1101},
  year={1952},
  publisher={IEEE}
}

@misc{programizhuffman,
  author       = {Programiz.com},
  title        = {Huffman Coding},
  url          = {https://www.programiz.com/dsa/huffman-coding},
}

@article{ziv1977universal,
  title={A universal algorithm for sequential data compression},
  author={Ziv, Jacob and Lempel, Abraham},
  journal={IEEE Transactions on information theory},
  volume={23},
  number={3},
  pages={337--343},
  year={1977},
  publisher={IEEE}
}

@article{storer1982data,
  title={Data compression via textual substitution},
  author={Storer, James A and Szymanski, Thomas G},
  journal={Journal of the ACM (JACM)},
  volume={29},
  number={4},
  pages={928--951},
  year={1982},
  publisher={ACM New York, NY, USA}
}

@misc{michaellz77,
  author       = {Michael Dipperstein},
  title        = {LZSS (LZ77) Discussion and Implementation},
  year         = {2015},
  month        = {3}
}