@misc{ve477,
	title={VE477 -- Introduction to Algorithms (lecture slides)},
	author={Manuel},
	year=2020,
}

@misc{ve475,
	title={VE475 -- Introduction to Cryptography (lecture slides)},
	author={Manuel},
	year=2020,
}

@article{agrawal2004primes,
  title={PRIMES is in P},
  author={Agrawal, Manindra and Kayal, Neeraj and Saxena, Nitin},
  journal={Annals of mathematics},
  pages={781--793},
  year={2004},
  publisher={JSTOR}
}

@misc{ AKS,
   author = "{Wikipedia contributors}",
   title = "AKS primality test",
   year = "2020",
   url = "https://en.wikipedia.org/wiki/AKS_primality_test",
   note = "[Online; accessed 5-October-2020]"
}

@article{bruce1993really,
  title={A really trivial proof of the Lucas-Lehmer primality test},
  author={Bruce, JW},
  journal={The American mathematical monthly},
  volume={100},
  number={4},
  pages={370--371},
  year={1993},
  publisher={Mathematical Association of America}
}

@article{miller1976riemann,
  title={Riemann's hypothesis and tests for primality},
  author={Miller, Gary L},
  journal={Journal of computer and system sciences},
  volume={13},
  number={3},
  pages={300--317},
  year={1976},
  publisher={Academic Press}
}

@article{pratt1975every,
  title={Every prime has a succinct certificate},
  author={Pratt, Vaughan R},
  journal={SIAM Journal on Computing},
  volume={4},
  number={3},
  pages={214--220},
  year={1975},
  publisher={SIAM}
}

@misc{note,
   author = "{Amnon Ta-Shma}",
   title = "The AKS Algorithm",
   year = "2018",
   url = "http://www.cs.tau.ac.il/~amnon/Classes/2019-Derandomization/Lectures/Lecture7-AKS-All.pdf",
   note = "[Online; accessed 5-October-2020]"
}





















