@misc{ve477,
	title={VE477 -- Introduction to Algorithms (lecture slides)},
	author={Manuel},
	year=2020,
}

@misc{ part,
   author = "{Wikipedia contributors}",
   title = "Partition (number theory)",
   year = "2020",
   url = "https://en.wikipedia.org/wiki/Partition_(number_theory)",
   note = "[Online; accessed 5-October-2020]"
}

@misc{ note,
   author = "{whitman.edu}",
   title = "Partitions of Integers",
   year = "2020",
   url = "https://www.whitman.edu/mathematics/cgt_online/book/section03.03.html",
   note = "[Online; accessed 5-October-2020]"
}

@book{andrews1998theory,
  title={The theory of partitions},
  author={Andrews, George E},
  number={2},
  year={1998},
  publisher={Cambridge university press}
}









