@book{10.5555/59556,
author = {Kendall, M. G. and Stuart, A. and Ord, J. K.},
title = {Kendall's Advanced Theory of Statistics},
year = {1987},
isbn = {0195205618},
publisher = {Oxford University Press, Inc.},
address = {USA}
}