@misc{ve477,
	title={VE477 -- Introduction to Algorithms (lecture slides)},
	author={Manuel},
	year=2019,
}

@article{hart1968formal,
  title={A formal basis for the heuristic determination of minimum cost paths},
  author={Hart, Peter E and Nilsson, Nils J and Raphael, Bertram},
  journal={IEEE transactions on Systems Science and Cybernetics},
  volume={4},
  number={2},
  pages={100--107},
  year={1968},
  publisher={IEEE}
}

@book{russell_artificial_2010,
	address = {Upper Saddle River},
	edition = {3rd ed},
	series = {Prentice {Hall} series in artificial intelligence},
	title = {Artificial intelligence: a modern approach},
	isbn = {9780136042594},
	shorttitle = {Artificial intelligence},
	publisher = {Prentice Hall},
	author = {Russell, Stuart J. and Norvig, Peter and Davis, Ernest},
	year = {2010},
	keywords = {Artificial intelligence}
}

@misc{shakey, 
    title={Shakey is first robot to receive IEEE Milestone award}, 
    url={https://robohub.org/shakey-is-first-robot-to-receive-ieee-milestone-award/}, 
    journal={Robohub}, 
    publisher={robohub.org}, 
    author={Keay, Andra and Silicon Valley Robotics}
}

@article{cui2011based,
  title={A*-based pathfinding in modern computer games},
  author={Cui, Xiao and Shi, Hao},
  journal={International Journal of Computer Science and Network Security},
  volume={11},
  number={1},
  pages={125--130},
  year={2011},
  publisher={International Journal of Computer Science and Network Security (IJCSNS)}
}