@misc{ve475,
	title={VE475 -- Introduction to Cryptography (lecture slides)},
	author={Manuel},
	year=2020,
}

@book{dickson,
  title={History of the Theory of Numbers},
  author={Leonard Eugene Dickson},
  year={1919},
  publisher={Carnegie Institution of Washington}
}

@misc{ wiki,
   author = "{Wikipedia contributors}",
   title = "Tonelli–Shanks algorithm",
   year = "2020",
   url = "#https://en.wikipedia.org/wiki/Tonelli–Shanks_algorithm#cite_note-dickson-3",
   note = "[Online; accessed 6-October-2020]"
 }

@article{lindhurst1997analysis,
  title={An analysis of Shanks's algorithm for computing square roots in finite fields},
  author={Lindhurst, Scott},
  journal={To appear in the proceedings of the},
  year={1997},
  publisher={Citeseer}
}