@misc{ve477,
	title={VE477 -- Introduction to Algorithms (lecture slides)},
	author={Manuel},
	year=2019,
}

@article{bloom1970space,
  title={Space/time trade-offs in hash coding with allowable errors},
  author={Bloom, Burton H},
  journal={Communications of the ACM},
  volume={13},
  number={7},
  pages={422--426},
  year={1970},
  publisher={ACM New York, NY, USA}
}

@misc{nilsson, 
    title={Bloom filters explained}, 
    url={https://yourbasic.org/algorithms/bloom-filter/}, 
    journal={· YourBasic}, 
    publisher={yourbasic.org}, 
    author={Nilsson, Stefan}
}

@misc{kumar, 
    title={Bloom Filters – Introduction and Python Implementation}, 
    url={https://www.geeksforgeeks.org/bloom-filters-introduction-and-python-implementation/}, 
    journal={GeeksforGeeks}, 
    publisher={geeksforgeeks.org}, 
    author={Kumar, Atul}
}

@misc{llimllib,
    title={Bloom Filters by Example},
    url={https://llimllib.github.io/bloomfilter-tutorial/},
    author={llimllib}
}

@article{broder2004network,
  title={Network applications of bloom filters: A survey},
  author={Broder, Andrei and Mitzenmacher, Michael},
  journal={Internet mathematics},
  volume={1},
  number={4},
  pages={485--509},
  year={2004},
  publisher={Taylor \& Francis}
}

@article{maggs2015algorithmic,
  title={Algorithmic nuggets in content delivery},
  author={Maggs, Bruce M and Sitaraman, Ramesh K},
  journal={ACM SIGCOMM Computer Communication Review},
  volume={45},
  number={3},
  pages={52--66},
  year={2015},
  publisher={ACM New York, NY, USA}
}

@article{rathgeb2014application,
  title={On application of bloom filters to iris biometrics},
  author={Rathgeb, Christian and Breitinger, Frank and Busch, Christoph and Baier, Harald},
  journal={IET Biometrics},
  volume={3},
  number={4},
  pages={207--218},
  year={2014},
  publisher={IET}
}