@misc{ve477,
	title={VE477 -- Introduction to Algorithms (lecture slides)},
	author={Manuel},
	year=2020,
}

@misc{vg441,
	title={VG441 -- Supply Chain (lecture slides)},
	author={Cong Shi},
	year=2020,
}

@book{williamson2011design,
  title={The design of approximation algorithms},
  author={Williamson, David P and Shmoys, David B},
  year={2011},
  publisher={Cambridge university press}
}
