@misc{ve477,
	title={VE477 -- Introduction to Algorithms (lecture slides)},
	author={Manuel},
	year=2019,
}

@article{grossman1924discussions,
  title={Discussions: On the number of divisions in finding a GCD},
  author={Grossman, H},
  journal={The American Mathematical Monthly},
  volume={31},
  number={9},
  pages={443--443},
  year={1924},
  publisher={JSTOR}
}