@misc{ve477,
	title={VE477 -- Introduction to Algorithms (lecture slides)},
	author={Manuel},
	year=2019,
}

@article{xiao2017exact,
  title={Exact algorithms for maximum independent set},
  author={Xiao, Mingyu and Nagamochi, Hiroshi},
  journal={Information and Computation},
  volume={255},
  pages={126--146},
  year={2017},
  publisher={Elsevier}
}

@article{bazgan2005completeness,
  title={Completeness in standard and differential approximation classes: Poly-(D) APX-and (D) PTAS-completeness},
  author={Bazgan, Cristina and Escoffier, Bruno and Paschos, Vangelis Th},
  journal={Theoretical Computer Science},
  volume={339},
  number={2-3},
  pages={272--292},
  year={2005},
  publisher={Elsevier}
}