@misc{ve477,
	title={VE477 -- Introduction to Algorithms (lecture slides)},
	author={Manuel},
	year=2019,
}

@inproceedings{bharat1998improved,
  title={Improved algorithms for topic distillation in a hyperlinked environment},
  author={Bharat, Krishna and Henzinger, Monika R},
  booktitle={Proceedings of the 21st annual international ACM SIGIR conference on Research and development in information retrieval},
  pages={104--111},
  year={1998}
}

@misc{google,
  author       = {Google Inc.},
  title        = {Google Press Center: Fun Facts},
  year         = {2001},
  month        = {7},
  url          = {https://www.google.com/competition/howgooglesearchworks.html}
}

@article{huberman1999growth,
  title={Growth dynamics of the world-wide web},
  author={Huberman, Bernardo A and Adamic, Lada A},
  journal={Nature},
  volume={401},
  number={6749},
  pages={131--131},
  year={1999},
  publisher={Nature Publishing Group}
}

@article{leskovec2009community,
  title={Community structure in large networks: Natural cluster sizes and the absence of large well-defined clusters},
  author={Leskovec, Jure and Lang, Kevin J and Dasgupta, Anirban and Mahoney, Michael W},
  journal={Internet Mathematics},
  volume={6},
  number={1},
  pages={29--123},
  year={2009},
  publisher={Taylor \& Francis}
}