@misc{ve477,
	title={VE477 -- Introduction to Algorithms (lecture slides)},
	author={Manuel},
	year=2019,
}

@article{strassen1969gaussian,
  author          = {Strassen, Volker},
  title           = {Gaussian elimination is not optimal},
  journal         = {Numerische Mathematik},
  volume          = {13},
  pages           = {354-356},
  year            = {1969},
  month           = {8}
}

@article{bender2008improved,
  title={Improved bounds on sorting by length-weighted reversals},
  author={Bender, Michael A and Ge, Dongdong and He, Simai and Hu, Haodong and Pinter, Ron Y and Skiena, Steven and Swidan, Firas},
  journal={Journal of Computer and System Sciences},
  volume={74},
  number={5},
  pages={744--774},
  year={2008},
  publisher={Elsevier}
}

@inproceedings{le2014powers,
  title={Powers of tensors and fast matrix multiplication},
  author={Le Gall, Fran{\c{c}}ois},
  booktitle={Proceedings of the 39th international symposium on symbolic and algebraic computation},
  pages={296--303},
  year={2014}
}